@inproceedings{kato1992sketch,
  title={A sketch retrieval method for full color image database-query by visual example},
  author={Kato, Toshikazu and Kurita, Takio and Otsu, Nobuyuki and Hirata, Kyoji},
  booktitle={[1992] Proceedings. 11th IAPR International Conference on Pattern Recognition},
  pages={530--533},
  year={1992},
  organization={IEEE}
}

@article{ojala2002multiresolution,
  title={Multiresolution gray-scale and rotation invariant texture classification with local binary patterns},
  author={Ojala, Timo and Pietik{\"a}inen, Matti and M{\"a}enp{\"a}{\"a}, Topi},
  journal={IEEE Transactions on Pattern Analysis \& Machine Intelligence},
  number={7},
  pages={971--987},
  year={2002},
  publisher={IEEE}
}

@article{manthalkar2003rotation,
  title={Rotation and scale invariant texture features using discrete wavelet packet transform},
  author={Manthalkar, Ramchandra and Biswas, Prabir K and Chatterji, Biswanath N},
  journal={Pattern recognition letters},
  volume={24},
  number={14},
  pages={2455--2462},
  year={2003},
  publisher={Elsevier}
}

@inproceedings{pass1996comparing,
  title={Comparing Images Using Color Coherence Vectors.},
  author={Pass, Greg and Zabih, Ramin and Miller, Justin},
  booktitle={ACM multimedia},
  volume={96},
  pages={65--73},
  year={1996},
  organization={Citeseer}
}

@article{stricker1997spectral,
  title={Spectral covariance and fuzzy regions for image indexing},
  author={Stricker, Markus and Dimai, Alexander},
  journal={Machine vision and applications},
  volume={10},
  number={2},
  pages={66--73},
  year={1997},
  publisher={Springer}
}

@inproceedings{iivarinen1997comparison,
  title={Comparison of Combined Shape Descriptors for Irregular Objects.},
  author={Iivarinen, Jukka and Peura, Markus and S{\"a}rel{\"a}, Jaakko and Visa, Ari},
  booktitle={BMVC},
  year={1997},
  organization={Citeseer}
}

@article{berretti2000retrieval,
  title={Retrieval by shape similarity with perceptual distance and effective indexing},
  author={Berretti, Stefano and Del Bimbo, Alberto and Pala, Pietro},
  journal={IEEE Transactions on multimedia},
  volume={2},
  number={4},
  pages={225--239},
  year={2000},
  publisher={IEEE}
}

@inproceedings{teh1988image,
  title={On image analysis by the methods of moments},
  author={Teh, C-H and Chin, Roland T},
  booktitle={Proceedings CVPR'88: The Computer Society Conference on Computer Vision and Pattern Recognition},
  pages={556--561},
  year={1988},
  organization={IEEE}
}

@inproceedings{kontschieder2009beyond,
  title={Beyond pairwise shape similarity analysis},
  author={Kontschieder, Peter and Donoser, Michael and Bischof, Horst},
  booktitle={Asian conference on computer vision},
  pages={655--666},
  year={2009},
  organization={Springer}
}

@article{bai2010learning,
  title={Learning context-sensitive shape similarity by graph transduction},
  author={Bai, Xiang and Yang, Xingwei and Latecki, Longin Jan and Liu, Wenyu and Tu, Zhuowen},
  journal={IEEE Transactions on Pattern Analysis and Machine Intelligence},
  volume={32},
  number={5},
  pages={861--874},
  year={2010},
  publisher={IEEE}
}

@phdthesis{卢兴敬2008基于内容的服装图像检索技术研究及实现,
  title={基于内容的服装图像检索技术研究及实现},
  author={卢兴敬},
  year={2008},
  school={哈尔滨: 哈尔滨工业大学}
}

@article{rumelhart1988learning,
  title={Learning representations by back-propagating errors},
  author={Rumelhart, David E and Hinton, Geoffrey E and Williams, Ronald J and others},
  journal={Cognitive modeling},
  volume={5},
  number={3},
  pages={1},
  year={1988}
}

@article{lecun1998gradient,
  title={Gradient-based learning applied to document recognition},
  author={LeCun, Yann and Bottou, L{\'e}on and Bengio, Yoshua and Haffner, Patrick and others},
  journal={Proceedings of the IEEE},
  volume={86},
  number={11},
  pages={2278--2324},
  year={1998},
  publisher={Taipei, Taiwan}
}

@inproceedings{krizhevsky2012imagenet,
  title={Imagenet classification with deep convolutional neural networks},
  author={Krizhevsky, Alex and Sutskever, Ilya and Hinton, Geoffrey E},
  booktitle={Advances in neural information processing systems},
  pages={1097--1105},
  year={2012}
}

@inproceedings{deng2009imagenet,
  title={Imagenet: A large-scale hierarchical image database},
  author={Deng, Jia and Dong, Wei and Socher, Richard and Li, Li-Jia and Li, Kai and Fei-Fei, Li},
  booktitle={2009 IEEE conference on computer vision and pattern recognition},
  pages={248--255},
  year={2009},
  organization={Ieee}
}

@article{simonyan2014very,
  title={Very deep convolutional networks for large-scale image recognition},
  author={Simonyan, Karen and Zisserman, Andrew},
  journal={arXiv preprint arXiv:1409.1556},
  year={2014}
}

@inproceedings{szegedy2015going,
  title={Going deeper with convolutions},
  author={Szegedy, Christian and Liu, Wei and Jia, Yangqing and Sermanet, Pierre and Reed, Scott and Anguelov, Dragomir and Erhan, Dumitru and Vanhoucke, Vincent and Rabinovich, Andrew},
  booktitle={Proceedings of the IEEE conference on computer vision and pattern recognition},
  pages={1--9},
  year={2015}
}

@inproceedings{he2016deep,
  title={Deep residual learning for image recognition},
  author={He, Kaiming and Zhang, Xiangyu and Ren, Shaoqing and Sun, Jian},
  booktitle={Proceedings of the IEEE conference on computer vision and pattern recognition},
  pages={770--778},
  year={2016}
}

@inproceedings{xie2017aggregated,
  title={Aggregated residual transformations for deep neural networks},
  author={Xie, Saining and Girshick, Ross and Doll{\'a}r, Piotr and Tu, Zhuowen and He, Kaiming},
  booktitle={Proceedings of the IEEE conference on computer vision and pattern recognition},
  pages={1492--1500},
  year={2017}
}

@inproceedings{hu2018squeeze,
  title={Squeeze-and-excitation networks},
  author={Hu, Jie and Shen, Li and Sun, Gang},
  booktitle={Proceedings of the IEEE conference on computer vision and pattern recognition},
  pages={7132--7141},
  year={2018}
}

@inproceedings{liu2016deepfashion,
  title={Deepfashion: Powering robust clothes recognition and retrieval with rich annotations},
  author={Liu, Ziwei and Luo, Ping and Qiu, Shi and Wang, Xiaogang and Tang, Xiaoou},
  booktitle={Proceedings of the IEEE conference on computer vision and pattern recognition},
  pages={1096--1104},
  year={2016}
}

@article{ioffe2015batch,
  title={Batch normalization: Accelerating deep network training by reducing internal covariate shift},
  author={Ioffe, Sergey and Szegedy, Christian},
  journal={arXiv preprint arXiv:1502.03167},
  year={2015}
}

@inproceedings{hadsell2006dimensionality,
  title={Dimensionality reduction by learning an invariant mapping},
  author={Hadsell, Raia and Chopra, Sumit and LeCun, Yann},
  booktitle={2006 IEEE Computer Society Conference on Computer Vision and Pattern Recognition (CVPR'06)},
  volume={2},
  pages={1735--1742},
  year={2006},
  organization={IEEE}
}

@inproceedings{schroff2015facenet,
  title={Facenet: A unified embedding for face recognition and clustering},
  author={Schroff, Florian and Kalenichenko, Dmitry and Philbin, James},
  booktitle={Proceedings of the IEEE conference on computer vision and pattern recognition},
  pages={815--823},
  year={2015}
}

@inproceedings{varior2016siamese,
  title={A siamese long short-term memory architecture for human re-identification},
  author={Varior, Rahul Rama and Shuai, Bing and Lu, Jiwen and Xu, Dong and Wang, Gang},
  booktitle={European conference on computer vision},
  pages={135--153},
  year={2016},
  organization={Springer}
}

@inproceedings{li2014deepreid,
  title={Deepreid: Deep filter pairing neural network for person re-identification},
  author={Li, Wei and Zhao, Rui and Xiao, Tong and Wang, Xiaogang},
  booktitle={Proceedings of the IEEE Conference on Computer Vision and Pattern Recognition},
  pages={152--159},
  year={2014}
}
